@misc{intel_pres,
    author  = {Avinash Sodani},
    title   = {Knights Landing (KNL): 2nd Generation Intel® Xeon Phi™ Processor},
    year    = {2016},
    note      = {Mirror: \url{https://github.com/acwilson96/MicroBenchmarking-KNL/blob/master/Docs/References/HC27.25.710-Knights-Landing-Sodani-Intel.pdf}
    }
}